@book{ukasiewicz,
	year = {1951},
	publisher = {Garland},
	author = {Jan Lukasiewicz},
	title = {Aristotle's Syllogistic From the Standpoint of Modern Formal Logic}
}